<?xml version="1.0"?>
<collection xmlns="http://www.loc.gov/MARC21/slim">
  <record>
    <leader>01592nam a2200373 a 4500</leader>
    <controlfield tag="001">cihm_28815</controlfield>
    <controlfield tag="003">CaSfIA</controlfield>
    <controlfield tag="005">20151008010651.0</controlfield>
    <controlfield tag="007">cr||||||||||||</controlfield>
    <controlfield tag="008">860312s1867    enk     b     001 0 eng d</controlfield>
    <datafield tag="020" ind1=" " ind2=" ">
      <subfield code="a">0665288158</subfield>
    </datafield>
    <datafield tag="035" ind1=" " ind2=" ">
      <subfield code="a">ocn317952261</subfield>
    </datafield>
    <datafield tag="040" ind1=" " ind2=" ">
      <subfield code="a">CaOOCIHM</subfield>
      <subfield code="b">eng</subfield>
      <subfield code="c">CaOOCIHM</subfield>
      <subfield code="d">AEU</subfield>
      <subfield code="d">CaSfIA</subfield>
    </datafield>
    <datafield tag="043" ind1=" " ind2=" ">
      <subfield code="a">n-cnm--</subfield>
      <subfield code="a">n-cn-ns</subfield>
    </datafield>
    <datafield tag="082" ind1="0" ind2=" ">
      <subfield code="a">623.89/29716</subfield>
      <subfield code="2">19</subfield>
    </datafield>
    <datafield tag="090" ind1=" " ind2=" ">
      <subfield code="a">FC 02 0203 no. 28815</subfield>
      <subfield code="b">AEU</subfield>
    </datafield>
    <datafield tag="245" ind1="0" ind2="0">
      <subfield code="a">Sailing directions for the south-east coast of Nova Scotia and Bay of Fundy</subfield>
      <subfield code="h">[electronic resource] </subfield>
      <subfield code="c">compiled from various Admiralty surveys by G. F. McDougall.</subfield>
    </datafield>
    <datafield tag="260" ind1=" " ind2=" ">
      <subfield code="a">London :</subfield>
      <subfield code="b">Printed for the Hydrographic Office, Admiralty,</subfield>
      <subfield code="c">1867.</subfield>
    </datafield>
    <datafield tag="300" ind1=" " ind2=" ">
      <subfield code="a">3 microfiches (123 fr.).</subfield>
    </datafield>
    <datafield tag="490" ind1="1" ind2=" ">
      <subfield code="a">CIHM/ICMH Microfiche series = CIHM/ICMH collection de microfiches ;</subfield>
      <subfield code="v">no. 28815</subfield>
    </datafield>
    <datafield tag="500" ind1=" " ind2=" ">
      <subfield code="a">"Published by order of the Lords Commissioners of the Admiralty;"</subfield>
    </datafield>
    <datafield tag="500" ind1=" " ind2=" ">
      <subfield code="a">Tables.</subfield>
    </datafield>
    <datafield tag="504" ind1=" " ind2=" ">
      <subfield code="a">Includes index.</subfield>
    </datafield>
    <datafield tag="533" ind1=" " ind2=" ">
      <subfield code="a">Filmed from a copy of the original publication held by the Metropolitan Toronto Library, Canadian History Department.</subfield>
      <subfield code="b">Ottawa :</subfield>
      <subfield code="c">Canadian Institute for Historical Microreproductions,</subfield>
      <subfield code="d">1984.</subfield>
    </datafield>
    <datafield tag="534" ind1=" " ind2=" ">
      <subfield code="e">x, 231 p. ; 24 cm.</subfield>
    </datafield>
    <datafield tag="596" ind1=" " ind2=" ">
      <subfield code="a">43</subfield>
    </datafield>
    <datafield tag="650" ind1=" " ind2="0">
      <subfield code="a">Pilot guides</subfield>
      <subfield code="z">Nova Scotia.</subfield>
    </datafield>
    <datafield tag="650" ind1=" " ind2="0">
      <subfield code="a">Pilot guides</subfield>
      <subfield code="z">Maritime Provinces.</subfield>
    </datafield>
    <datafield tag="650" ind1=" " ind2="6">
      <subfield code="a">Guides de pilotage</subfield>
      <subfield code="z">Nouvelle-&#xC3;&#x89;coss</subfield>
    </datafield>
    <!-- No separator at end of field length=42 -->
    <datafield tag="650" ind1="." ind2="">
      <subfield code="6"/>
      <subfield code="a">Guides de pilotage</subfield>
      <subfield code="z">Provinces Maritime</subfield>
    </datafield>
    <!-- No separator at end of field length=45 -->
    <datafield tag="700" ind1="." ind2="">
      <subfield code=" "/>
      <subfield code="a">M'Dougall, George F.</subfield>
      <subfield code="q">(George Frederic</subfield>
    </datafield>
    <!-- No separator at end of field length=45 -->
    <datafield tag="830" ind1=")" ind2="">
      <subfield code="0"/>
      <subfield code="a">CIHM/ICMH microfiche series ;</subfield>
      <subfield code="v">no. 288</subfield>
    </datafield>
    <!-- No separator at end of field length=45 -->
    <datafield tag="856" ind1="4" ind2="1">
      <subfield code="u">http://archive.org/details/cihm_28815</subfield>
      <subfield code="z">Free eBook from the Internet Archive</subfield>
    </datafield>
    <datafield tag="856" ind1="4" ind2="2">
      <subfield code="u">http://www.openlibrary.org/books/OL24227754M</subfield>
      <subfield code="z">Additional information and access via Open Library</subfield>
    </datafield>
    <!-- No separator at end of field length=22 -->
    <datafield tag="016" ind1="E" ind2="">
      <subfield code=" "/>
      <subfield code="a"> 8660117</subfield>
    </datafield>
    <!-- No separator at end of field length=15 -->
    <!-- No separator at end of field length=58 -->
  </record>
</collection>
